
@online{obr,
  author = {{OBR}},
  title = {Office of Budget Responsibility: The Macroeconomic Model},
  year = 2019,
  url = {https://obr.uk/topics/obr-macroeconomic-model},
  urldate = {2020-02-10}
}

@online{obr2,
  author = {{OBR}},
  title = {Office of Budget Responsibility: The Economy Forecast},
  year = 2019,
  url = {https://obr.uk/forecasts-in-depth/the-economy-forecast},
  urldate = {2020-02-10}
}



@online{treasury-model,
  title={'The new Treasury model', Government Economic Service Working Paper No. 128 (Treasury Working Paper No. 70)},
  author={Chan, A and Savage, D and Whittaker, R},
  year={1995},
  publisher={HM Treasury London}
}

@book{economics-book,
    author    = "Paul Samuelson and William Nordhaus",
    title     = "Economics",
    publisher = "McGraw-Hill Education",
    edition  = "19th Edition",
    year      = "2009"
}
